
@book{mcgonigal2011reality,
  title={Reality is broken: Why games make us better and how they can change the world},
  author={McGonigal, J.},
  year={2011},
  publisher={Penguin}
}

@book{chou2015actionable,
  title={Actionable Gamification: Beyond Points, Badges, and Leaderboards},
  author={Chou, Y.},
  year={2015}
}

@book{kumar2013gamification,
  title={Gamification at work: Designing engaging business software},
  author={Kumar, J.},
  year={2013},
  publisher={Springer}
}

@article{fredericks2004school,
  title={School engagement: Potential of the concept, state of the evidence},
  author={Fredericks, J. A and Blumenfeld, P. C. and Paris, A. H.},
  journal={Review of Educational Research},
  volume={74},
  number={1},
  pages={59--109},
  year={2004}
}

@book{pressman2009engenharia,
  title={Engenharia de software},
  author={Pressman, R. S.},
  year={2009},
  publisher={AMGH Editora}
}

@book{sommerville2003engenharia,
  title={Engenharia de software},
  author={Sommerville, I. and Melnikoff, S. Shin S. and Arakaki, R. and de Andrade B., E.},
  volume={6},
  year={2003},
  publisher={Addison Wesley S{\~a}o Paulo}
}

@book{zichermann2011gamification,
  title={Gamification by design: Implementing game mechanics in web and mobile apps},
  author={Zichermann, Gabe and Cunningham, Christopher},
  year={2011},
  publisher={" O'Reilly Media, Inc."}
}


@book{da2014gamificaccao,
  title={Gamifica{\c{c}}{\~a}o na Educa{\c{c}}{\~a}o},
  author={da Silva, Andreza Regina Lopes and Catapan, Araci Hack and da Silva, Cl{\'a}udio Henrique and Reategui, Eliseo Berni and Spanhol, Fernando Jos{\'e} and Golfetto, Ildo Francisco and Diana, Juliana Bordinh{\~a}o and Alves, Lynn Rosalina Gama and Fadel, Luciane Maria and Lindner, Lu{\'\i}s H and others},
  year={2014},
  publisher={Pimenta Cultural}
}

@misc{pelling,
  title = {The (short) prehistory of “gamification”…},
  author={Peeling, N.},
  howpublished = {\url{https://nanodome.wordpress.com/2011/08/09/the-short-prehistory-of-gamification/}},
  note = {Accessed: 2016-03-27},
  year={2011} 
}


@inproceedings{deterding2011gamification,
  title={Gamification: Toward a definition},
  author={Deterding, Sebastian and Khaled, Rilla and Nacke, Lennart E and Dixon, Dan},
  booktitle={CHI 2011 Gamification Workshop Proceedings},
  pages={12--15},
  year={2011}
}

@inproceedings{malone1982heuristics,
  title={Heuristics for designing enjoyable user interfaces: Lessons from computer games},
  author={Malone, T. W.},
  booktitle={Proceedings of the 1982 conference on Human factors in computing systems},
  pages={63--68},
  year={1982},
  organization={ACM}
}

@article{bartle1996hearts,
  title={Hearts, clubs, diamonds, spades: Players who suit MUDs},
  author={Bartle, Richard},
  journal={Journal of MUD research},
  volume={1},
  number={1},
  pages={19},
  year={1996}
}

@article{seaborn2015gamification,
  title={Gamification in theory and action: A survey},
  author={Seaborn, K. and Fels, D. I.},
  journal={International Journal of Human-Computer Studies},
  volume={74},
  pages={14--31},
  year={2015},
  publisher={Elsevier}
}


@article{sailer2013psychological,
  title={Psychological Perspectives on Motivation through Gamification.},
  author={Sailer, Michael and Hense, Jan and Mandl, Heinz and Klevers, Markus},
  journal={IxD\&A},
  volume={19},
  pages={28--37},
  year={2013}
}

@book{1990flow,
  title={Flow: The Psychology of Optimal Experience. Mihalyi Csikszentmihalyi},
  author={Csikszentmihalyi, M.},
  year={1990},
  publisher={NHarperCollins Publishers}
}

@article{maican2016interactivia,
  title={Interactivia. ro--A study of a gamification framework using zero-cost tools},
  author={Maican, C.and Lixandroiu, R. and Constantin, C.},
  journal={Computers in Human Behavior},
  volume={61},
  pages={186--197},
  year={2016},
  publisher={Elsevier}
}

@inproceedings{muntean2011raising,
  title={Raising engagement in e-learning through gamification},
  author={Muntean, Cristina Ioana},
  booktitle={Proc. 6th International Conference on Virtual Learning ICVL},
  pages={323--329},
  year={2011}
}

@misc{amy,
  title = {Entice Me Back: How Core Loops drive Re-Engagement},
  author={Kim, J. A. },
  howpublished = {http://amyjokim.com/blog/2014/05/27/entice-me-back-how-core-loops-drive-re-engagement/},
  note = {Accessed: 2016-04-28},
  year={2014} 
}

@incollection{gil2010metodos,
  title={M{\'e}todos e t{\'e}cnicas de pesquisa social},
  author={Gil, Antonio Carlos},
  booktitle={M{\'e}todos e t{\'e}cnicas de pesquisa social},
  year={2010},
  publisher={Atlas}
}

@misc{funifier,
  title = {Talented people doing fun stuff},
  author={Funifier},
  howpublished = {http://funifier.com/},
  note = {Accessed: 2016-06-14},
  year={2016} 
}

@article{filsecker2014multilevel,
  title={A multilevel analysis of the effects of external rewards on elementary students' motivation, engagement and learning in an educational game},
  author={Filsecker, M. and Hickey, D. T.},
  journal={Computers \& Education},
  volume={75},
  pages={136--148},
  year={2014},
  publisher={Elsevier}
}


@misc{ale,
  title = {ALE},
  author={Ortiz, M. A.},
  howpublished = {http://elies.rediris.es/elies9/4-4-5.htm},
  note = {Accessed: 2016-03-20},
  year={2016} 
}

@misc{flask,
  title = {Flask, web development onde drop ate time},
  author={Ronacher, A.},
  howpublished = {http://flask.pocoo.org/},
  note = {Accessed: 2016-11-20},
  year={2016} 
}

@misc{werkzeug,
  title = {The Python WSGI Utility Library},
  author={Ronacher, A.},
  howpublished = {http://werkzeug.pocoo.org/},
  note = {Accessed: 2016-11-20},
  year={2016} 
}

@misc{jinja2,
  title = {Welcome},
  author={Ronacher, A.},
  howpublished = {http://jinja.pocoo.org/},
  note = {Accessed: 2016-11-20},
  year={2016} 
}

@book{macoratti2009padroes,
  title={Padroes de projeto: O modelo mvc-model view controller},
  author={Macoratti, J. C.},
  year={2009},
  publisher={Acedido em}
}


